<?xml version="1.0" encoding="UTF-8"?>
<record xmlns="http://www.loc.gov/MARC21/slim">
   <leader>00986cam a2200265   4500</leader>
   <controlfield tag="001">403093</controlfield>
   <controlfield tag="003">NjP</controlfield>
   <controlfield tag="005">20171012081038.0</controlfield>
   <controlfield tag="008">871009s1883    ua            00010 ara  </controlfield>
   <datafield tag="024" ind1="7" ind2=" ">
      <subfield code="a">princeton_aco004175</subfield>
      <subfield code="2">local</subfield>
   </datafield>
   <datafield ind1=" " ind2=" " tag="010">
      <subfield code="a">   58042970  </subfield>
   </datafield>
   <datafield ind1=" " ind2=" " tag="035">
      <subfield code="a">(OCoLC)23484434</subfield>
   </datafield>
   <datafield ind1=" " ind2=" " tag="035">
      <subfield code="a">(CStRLIN)NJPG87-B49946</subfield>
   </datafield>
   <datafield ind1=" " ind2=" " tag="035">
      <subfield code="9">ABX8594TS</subfield>
   </datafield>
   <datafield ind1=" " ind2=" " tag="040">
      <subfield code="c">NjP</subfield>
      <subfield code="d">NjP</subfield>
   </datafield>
   <datafield ind1=" " ind2=" " tag="043">
      <subfield code="a">f-ua---</subfield>
   </datafield>
   <datafield ind1="0" ind2=" " tag="050">
      <subfield code="a">DT83</subfield>
      <subfield code="b">.A6</subfield>
   </datafield>
   <datafield ind1="1" ind2=" " tag="100">
      <subfield code="a">Kamāl, Aḥmad.</subfield>
   </datafield>
   <datafield ind1="1" ind2="4" tag="245">
      <subfield code="a">al-ʻIqd al-thamīn fī maḥāsin akhbār wa-badāʾiʻ āthār al-aqdamīn min al-Miṣrīyīn,</subfield>
      <subfield code="c">taʾlīf Aḥmad Kamāl.</subfield>
   </datafield>
   <datafield ind1=" " ind2=" " tag="250">
      <subfield code="a">al-Ṭabʻah 1.</subfield>
   </datafield>
   <datafield ind1=" " ind2=" " tag="260">
      <subfield code="a">Būlāq,</subfield>
      <subfield code="b">al-Maṭbaʻah al-Mīrīyah,</subfield>
      <subfield code="c">1300 [1882 or 1883] [tārīkh khātimat al-ṭabʻ: 1301, 1883]</subfield>
   </datafield>
   <datafield ind1=" " ind2=" " tag="300">
      <subfield code="a">244, 9 p.</subfield>
      <subfield code="c">25 cm.</subfield>
   </datafield>
   <datafield ind1=" " ind2="0" tag="651">
      <subfield code="a">Egypt</subfield>
      <subfield code="x">History</subfield>
      <subfield code="y">To 332 B.C.</subfield>
      <subfield code="0">http://id.loc.gov/authorities/subjects/sh85041285</subfield>
   </datafield>
   <datafield ind1=" " ind2=" " tag="998">
      <subfield code="a">03/02/90</subfield>
      <subfield code="s">9114</subfield>
      <subfield code="n">NjP</subfield>
      <subfield code="w">NJPG87B49946</subfield>
      <subfield code="d">10/09/87</subfield>
      <subfield code="c">DGH</subfield>
      <subfield code="b">JKS</subfield>
      <subfield code="i">900302</subfield>
      <subfield code="l">NJPG</subfield>
   </datafield>
   <datafield ind1=" " ind2=" " tag="948">
      <subfield code="a">TRANS. FR. ARAB TO ANXA3</subfield>
   </datafield>
   <datafield ind1=" " ind2=" " tag="911">
      <subfield code="a">19921028</subfield>
   </datafield>
   <datafield ind1=" " ind2=" " tag="912">
      <subfield code="a">19910104000000.0</subfield>
   </datafield>
   <datafield ind1="0" ind2="0" tag="852">
      <subfield code="0">439375</subfield>
      <subfield code="b">rcppa</subfield>
      <subfield code="t">1</subfield>
      <subfield code="h">DT83</subfield>
      <subfield code="i">.A6</subfield>
      <subfield code="x">tr fr anxa</subfield>
   </datafield>
   <datafield ind1=" " ind2=" " tag="959">
      <subfield code="a">2000-06-13 00:00:00 -0500</subfield>
   </datafield>
</record>
